@article{WHO2020,
  author = {{World Health Organization}},
  title = {Dementia},
  year = {2020},
  url = {https://www.who.int/news-room/fact-sheets/detail/dementia},
  note = {Accessed: 2025-05-01}
}

@article{Eysenbach2011,
  author = {Eysenbach, G.},
  title = {CONSORT-EHEALTH: Improving and standardizing evaluation reports of Web-based and mobile health interventions},
  journal = {Journal of Medical Internet Research},
  volume = {13},
  number = {4},
  pages = {e126},
  year = {2011},
  doi = {10.2196/jmir.1923}
}

@article{FDA2019,
  author = {{U.S. Food and Drug Administration}},
  title = {Digital Health Software Precertification (Pre-Cert) Program},
  year = {2019},
  url = {https://www.fda.gov/medical-devices/digital-health-center-excellence/digital-health-software-precertification-pre-cert-program},
  note = {Accessed: 2025-05-10}
}

@article{Damschroder2009,
  author = {Damschroder, L. J. and Aron, D. C. and Keith, R. E. and Kirsh, S. R. and Alexander, J. A. and Lowery, J. C.},
  title = {Fostering implementation of health services research findings into practice: a consolidated framework for advancing implementation science},
  journal = {Implementation Science},
  volume = {4},
  pages = {50},
  year = {2009},
  doi = {10.1186/1748-5908-4-50}
}

@article{Glasgow2019,
  author = {Glasgow, R. E. and Harden, S. M. and Gaglio, B. and Rabin, B. and Smith, M. L. and Porter, G. C. and Ory, M. G. and Estabrooks, P. A.},
  title = {RE-AIM Planning and Evaluation Framework: Adapting to New Science and Practice With a 20-Year Review},
  journal = {Frontiers in Public Health},
  volume = {7},
  pages = {64},
  year = {2019},
  doi = {10.3389/fpubh.2019.00064}
}

@article{Woods2018,
  author = {Woods, B. and O'Philbin, L. and Farrell, E. M. and Spector, A. E. and Orrell, M.},
  title = {Reminiscence therapy for dementia},
  journal = {Cochrane Database of Systematic Reviews},
  volume = {3},
  pages = {CD001120},
  year = {2018},
  doi = {10.1002/14651858.CD001120.pub3}
}

@article{Astell2019,
  author = {Astell, A. J. and Smith, S. K. and Potter, S. and Preston-Jones, E.},
  title = {Computer Interactive Reminiscence and Conversation Aid groups—Delivering cognitive stimulation with technology},
  journal = {Alzheimer's \& Dementia: Translational Research \& Clinical Interventions},
  volume = {5},
  pages = {231--240},
  year = {2019},
  doi = {10.1016/j.trci.2019.03.003}
}

@article{Lazar2017,
  author = {Lazar, A. and Thompson, H. J. and Demiris, G.},
  title = {A systematic review of the use of technology for reminiscence therapy},
  journal = {Health Education \& Behavior},
  volume = {44},
  number = {1S},
  pages = {118S--125S},
  year = {2017},
  doi = {10.1177/1090198116683357}
}

@article{Smith2019,
  author = {Smith, K. S. and Astell, A. J.},
  title = {Technology-supported group activity to promote communication in dementia: A protocol for a within-participants study},
  journal = {Technologies},
  volume = {7},
  number = {1},
  pages = {26},
  year = {2019},
  doi = {10.3390/technologies7010026}
}

@article{Klimova2018,
  author = {Klimova, B. and Maresova, P.},
  title = {Computer-Based Cognitive Training in Aging},
  journal = {Frontiers in Aging Neuroscience},
  volume = {10},
  pages = {349},
  year = {2018},
  doi = {10.3389/fnagi.2018.00349}
}

@article{Hill2017,
  author = {Hill, N. T. M. and Mowszowski, L. and Naismith, S. L. and Chadwick, V. L. and Valenzuela, M. and Lampit, A.},
  title = {Computerized cognitive training in older adults with mild cognitive impairment or dementia: A systematic review and meta-analysis},
  journal = {American Journal of Psychiatry},
  volume = {174},
  number = {4},
  pages = {329--340},
  year = {2017},
  doi = {10.1176/appi.ajp.2016.16030360}
}

@article{FDA2022,
  author = {{U.S. Food and Drug Administration}},
  title = {Policy for Device Software Functions and Mobile Medical Applications},
  year = {2022},
  url = {https://www.fda.gov/regulatory-information/search-fda-guidance-documents/policy-device-software-functions-and-mobile-medical-applications},
  note = {Accessed: 2025-05-15}
}

@article{EU2017,
  author = {{European Union}},
  title = {Regulation (EU) 2017/745 of the European Parliament and of the Council of 5 April 2017 on medical devices},
  journal = {Official Journal of the European Union},
  volume = {L 117},
  pages = {1--175},
  year = {2017},
  url = {http://data.europa.eu/eli/reg/2017/745/oj}
}

@article{KimchiWoods2022,
  author = {Kimchi, E. Y. and Woods, A. J. and Minhas, P. and Bikson, M.},
  title = {FDA regulation of digital health devices for neurological applications},
  journal = {Journal of Neuroengineering and Rehabilitation},
  volume = {19},
  number = {1},
  pages = {48},
  year = {2022},
  doi = {10.1186/s12984-022-01031-5}
}

@article{Bahar2013,
  author = {Bahar-Fuchs, A. and Clare, L. and Woods, B.},
  title = {Cognitive training and cognitive rehabilitation for persons with mild to moderate dementia of the Alzheimer's or vascular type: a review},
  journal = {Alzheimer's Research \& Therapy},
  volume = {5},
  number = {4},
  pages = {35},
  year = {2013},
  doi = {10.1186/alzrt189}
}

@article{Bloem2022,
  author = {Bloem, B. R. and Henderson, E. J. and Dorsey, E. R. and Okun, M. S. and Okubadejo, N. and Chan, P. and Andrejack, J. and Darweesh, S. K. L. and Munneke, M.},
  title = {Integrated and patient-centred management of Parkinson's disease: a network model for reshaping chronic neurological care},
  journal = {The Lancet Neurology},
  volume = {19},
  number = {7},
  pages = {623--634},
  year = {2020},
  doi = {10.1016/S1474-4422(20)30064-8}
}

@article{Meiland2017,
  author = {Meiland, F. and Innes, A. and Mountain, G. and Robinson, L. and van der Roest, H. and García-Casal, J. A. and Gove, D. and Thyrian, J. R. and Evans, S. and Dröes, R.-M. and others},
  title = {Technologies to support community-dwelling persons with dementia: a position paper on issues regarding development, usability, effectiveness and cost-effectiveness, deployment, and ethics},
  journal = {JMIR Rehabilitation and Assistive Technologies},
  volume = {4},
  number = {1},
  pages = {e1},
  year = {2017},
  doi = {10.2196/rehab.6376}
}

@article{Greenhalgh2017,
  author = {Greenhalgh, T. and Wherton, J. and Papoutsi, C. and Lynch, J. and Hughes, G. and A'Court, C. and Hinder, S. and Fahy, N. and Procter, R. and Shaw, S.},
  title = {Beyond Adoption: A New Framework for Theorizing and Evaluating Nonadoption, Abandonment, and Challenges to the Scale-Up, Spread, and Sustainability of Health and Care Technologies},
  journal = {Journal of Medical Internet Research},
  volume = {19},
  number = {11},
  pages = {e367},
  year = {2017},
  doi = {10.2196/jmir.8775}
}

@article{Chan2013,
  author = {Chan, A.-W. and Tetzlaff, J. M. and Altman, D. G. and Laupacis, A. and Gøtzsche, P. C. and Krleža-Jerić, K. and Hróbjartsson, A. and Mann, H. and Dickersin, K. and Berlin, J. A. and others},
  title = {SPIRIT 2013 statement: defining standard protocol items for clinical trials},
  journal = {Annals of Internal Medicine},
  volume = {158},
  number = {3},
  pages = {200--207},
  year = {2013},
  doi = {10.7326/0003-4819-158-3-201302050-00583}
}

@article{Gold2020,
  author = {Gold, M. and Amatniek, J. and Carrillo, M. C. and Cedarbaum, J. M. and Hendrix, J. A. and Miller, B. B. and Robillard, J. M. and Rice, J. J. and Soares, H. and Tome, M. B. and others},
  title = {Digital technologies as biomarkers, clinical outcomes assessment, and recruitment tools in Alzheimer's disease clinical trials},
  journal = {Alzheimer's \& Dementia: Diagnosis, Assessment \& Disease Monitoring},
  volume = {12},
  number = {1},
  pages = {e12098},
  year = {2020},
  doi = {10.1002/dad2.12098}
}

@article{Kourtis2019,
  author = {Kourtis, L. C. and Regele, O. B. and Wright, J. M. and Jones, G. B.},
  title = {Digital biomarkers for Alzheimer's disease: the mobile/wearable devices opportunity},
  journal = {NPJ Digital Medicine},
  volume = {2},
  number = {1},
  pages = {1--9},
  year = {2019},
  doi = {10.1038/s41746-019-0084-2}
}